@online{backend,
  title = {What is a backend?},
  url = {http://matplotlib.org/faq/usage_faq.html#what-is-a-backend},
  howpublished = {Online},
  date = {2014-08} 
}

@online{pgf,
  title = {Typesetting With XeLaTeX/LuaLaTeX},
  url = {http://matplotlib.org/users/pgf.html},
  howpublished = {Online},
  date = {2014-08} 
}

@online{pgfwiki,
  title = {PGF/TikZ - Wikipedia article},
  url = {http://en.wikipedia.org/wiki/PGF/TikZ},
  howpublished = {Online},
  date = {2014-08} 
}
